%YAML 1.1
%TAG !u! tag:unity3d.com,2011:
--- !u!1 &4041369880994131919
GameObject:
  m_ObjectHideFlags: 0
  m_CorrespondingSourceObject: {fileID: 0}
  m_PrefabInstance: {fileID: 0}
  m_PrefabAsset: {fileID: 0}
  serializedVersion: 6
  m_Component:
  - component: {fileID: 4041369880994131916}
  - component: {fileID: 5427246438668834978}
  m_Layer: 0
  m_Name: 4x25
  m_TagString: Untagged
  m_Icon: {fileID: 0}
  m_NavMeshLayer: 0
  m_StaticEditorFlags: 0
  m_IsActive: 1
--- !u!4 &4041369880994131916
Transform:
  m_ObjectHideFlags: 0
  m_CorrespondingSourceObject: {fileID: 0}
  m_PrefabInstance: {fileID: 0}
  m_PrefabAsset: {fileID: 0}
  m_GameObject: {fileID: 4041369880994131919}
  m_LocalRotation: {x: 0, y: 0, z: 0, w: 1}
  m_LocalPosition: {x: 0.19580078, y: 0.07775879, z: -0.029815674}
  m_LocalScale: {x: 1, y: 1, z: 1}
  m_Children:
  - {fileID: 9038549286519080645}
  - {fileID: 5656462544861583670}
  - {fileID: 5656462546059741128}
  m_Father: {fileID: 0}
  m_RootOrder: 0
  m_LocalEulerAnglesHint: {x: 0, y: 0, z: 0}
--- !u!65 &5427246438668834978
BoxCollider:
  m_ObjectHideFlags: 0
  m_CorrespondingSourceObject: {fileID: 0}
  m_PrefabInstance: {fileID: 0}
  m_PrefabAsset: {fileID: 0}
  m_GameObject: {fileID: 4041369880994131919}
  m_Material: {fileID: 0}
  m_IsTrigger: 0
  m_Enabled: 1
  serializedVersion: 2
  m_Size: {x: 0.02625, y: 0.17498621, z: 0.026250035}
  m_Center: {x: 0, y: 0, z: 2.910383e-10}
--- !u!65 &4041369880720387538
BoxCollider:
  m_ObjectHideFlags: 0
  m_CorrespondingSourceObject: {fileID: 0}
  m_PrefabInstance: {fileID: 0}
  m_PrefabAsset: {fileID: 0}
  m_GameObject: {fileID: 5419019374705145046}
  m_Material: {fileID: 0}
  m_IsTrigger: 0
  m_Enabled: 1
  serializedVersion: 2
  m_Size: {x: 0.00375, y: 0.024998026, z: 0.0037500048}
  m_Center: {x: 0, y: 0, z: 2.910383e-10}
--- !u!1001 &4041369880720387551
PrefabInstance:
  m_ObjectHideFlags: 0
  serializedVersion: 2
  m_Modification:
    m_TransformParent: {fileID: 4041369880994131916}
    m_Modifications:
    - target: {fileID: -927199367670048503, guid: 8cc48ec52370e9748bc070e06bd35859,
        type: 3}
      propertyPath: m_Name
      value: 4x25
      objectReference: {fileID: 0}
    - target: {fileID: -4216859302048453862, guid: 8cc48ec52370e9748bc070e06bd35859,
        type: 3}
      propertyPath: m_LocalPosition.x
      value: 0
      objectReference: {fileID: 0}
    - target: {fileID: -4216859302048453862, guid: 8cc48ec52370e9748bc070e06bd35859,
        type: 3}
      propertyPath: m_LocalPosition.y
      value: 0
      objectReference: {fileID: 0}
    - target: {fileID: -4216859302048453862, guid: 8cc48ec52370e9748bc070e06bd35859,
        type: 3}
      propertyPath: m_LocalPosition.z
      value: 0
      objectReference: {fileID: 0}
    - target: {fileID: -4216859302048453862, guid: 8cc48ec52370e9748bc070e06bd35859,
        type: 3}
      propertyPath: m_LocalRotation.x
      value: 0
      objectReference: {fileID: 0}
    - target: {fileID: -4216859302048453862, guid: 8cc48ec52370e9748bc070e06bd35859,
        type: 3}
      propertyPath: m_LocalRotation.y
      value: -0
      objectReference: {fileID: 0}
    - target: {fileID: -4216859302048453862, guid: 8cc48ec52370e9748bc070e06bd35859,
        type: 3}
      propertyPath: m_LocalRotation.z
      value: -0
      objectReference: {fileID: 0}
    - target: {fileID: -4216859302048453862, guid: 8cc48ec52370e9748bc070e06bd35859,
        type: 3}
      propertyPath: m_LocalRotation.w
      value: 1
      objectReference: {fileID: 0}
    - target: {fileID: -4216859302048453862, guid: 8cc48ec52370e9748bc070e06bd35859,
        type: 3}
      propertyPath: m_RootOrder
      value: 0
      objectReference: {fileID: 0}
    - target: {fileID: -4216859302048453862, guid: 8cc48ec52370e9748bc070e06bd35859,
        type: 3}
      propertyPath: m_LocalEulerAnglesHint.x
      value: 0
      objectReference: {fileID: 0}
    - target: {fileID: -4216859302048453862, guid: 8cc48ec52370e9748bc070e06bd35859,
        type: 3}
      propertyPath: m_LocalEulerAnglesHint.y
      value: 0
      objectReference: {fileID: 0}
    - target: {fileID: -4216859302048453862, guid: 8cc48ec52370e9748bc070e06bd35859,
        type: 3}
      propertyPath: m_LocalEulerAnglesHint.z
      value: 0
      objectReference: {fileID: 0}
    - target: {fileID: -4216859302048453862, guid: 8cc48ec52370e9748bc070e06bd35859,
        type: 3}
      propertyPath: m_LocalScale.x
      value: 7
      objectReference: {fileID: 0}
    - target: {fileID: -4216859302048453862, guid: 8cc48ec52370e9748bc070e06bd35859,
        type: 3}
      propertyPath: m_LocalScale.y
      value: 7
      objectReference: {fileID: 0}
    - target: {fileID: -4216859302048453862, guid: 8cc48ec52370e9748bc070e06bd35859,
        type: 3}
      propertyPath: m_LocalScale.z
      value: 7
      objectReference: {fileID: 0}
    m_RemovedComponents: []
  m_SourcePrefab: {fileID: 100100000, guid: 8cc48ec52370e9748bc070e06bd35859, type: 3}
--- !u!1 &5419019374705145046 stripped
GameObject:
  m_CorrespondingSourceObject: {fileID: -927199367670048503, guid: 8cc48ec52370e9748bc070e06bd35859,
    type: 3}
  m_PrefabInstance: {fileID: 4041369880720387551}
  m_PrefabAsset: {fileID: 0}
--- !u!4 &9038549286519080645 stripped
Transform:
  m_CorrespondingSourceObject: {fileID: -4216859302048453862, guid: 8cc48ec52370e9748bc070e06bd35859,
    type: 3}
  m_PrefabInstance: {fileID: 4041369880720387551}
  m_PrefabAsset: {fileID: 0}
--- !u!1001 &4041369880882249229
PrefabInstance:
  m_ObjectHideFlags: 0
  serializedVersion: 2
  m_Modification:
    m_TransformParent: {fileID: 4041369880994131916}
    m_Modifications:
    - target: {fileID: 8532666294862096177, guid: ffaa3d2f442d5d54baac049f181baf36,
        type: 3}
      propertyPath: m_Name
      value: SnapZone (10)
      objectReference: {fileID: 0}
    - target: {fileID: 8532666294862096187, guid: ffaa3d2f442d5d54baac049f181baf36,
        type: 3}
      propertyPath: m_LocalPosition.x
      value: 0.0054
      objectReference: {fileID: 0}
    - target: {fileID: 8532666294862096187, guid: ffaa3d2f442d5d54baac049f181baf36,
        type: 3}
      propertyPath: m_LocalPosition.y
      value: 0.106
      objectReference: {fileID: 0}
    - target: {fileID: 8532666294862096187, guid: ffaa3d2f442d5d54baac049f181baf36,
        type: 3}
      propertyPath: m_LocalPosition.z
      value: 0.0003
      objectReference: {fileID: 0}
    - target: {fileID: 8532666294862096187, guid: ffaa3d2f442d5d54baac049f181baf36,
        type: 3}
      propertyPath: m_LocalRotation.x
      value: -0
      objectReference: {fileID: 0}
    - target: {fileID: 8532666294862096187, guid: ffaa3d2f442d5d54baac049f181baf36,
        type: 3}
      propertyPath: m_LocalRotation.y
      value: -0
      objectReference: {fileID: 0}
    - target: {fileID: 8532666294862096187, guid: ffaa3d2f442d5d54baac049f181baf36,
        type: 3}
      propertyPath: m_LocalRotation.z
      value: -0
      objectReference: {fileID: 0}
    - target: {fileID: 8532666294862096187, guid: ffaa3d2f442d5d54baac049f181baf36,
        type: 3}
      propertyPath: m_LocalRotation.w
      value: 1
      objectReference: {fileID: 0}
    - target: {fileID: 8532666294862096187, guid: ffaa3d2f442d5d54baac049f181baf36,
        type: 3}
      propertyPath: m_RootOrder
      value: 1
      objectReference: {fileID: 0}
    - target: {fileID: 8532666294862096187, guid: ffaa3d2f442d5d54baac049f181baf36,
        type: 3}
      propertyPath: m_LocalEulerAnglesHint.x
      value: 0
      objectReference: {fileID: 0}
    - target: {fileID: 8532666294862096187, guid: ffaa3d2f442d5d54baac049f181baf36,
        type: 3}
      propertyPath: m_LocalEulerAnglesHint.y
      value: 0
      objectReference: {fileID: 0}
    - target: {fileID: 8532666294862096187, guid: ffaa3d2f442d5d54baac049f181baf36,
        type: 3}
      propertyPath: m_LocalEulerAnglesHint.z
      value: 0
      objectReference: {fileID: 0}
    - target: {fileID: 8532666294862096187, guid: ffaa3d2f442d5d54baac049f181baf36,
        type: 3}
      propertyPath: m_LocalScale.x
      value: 1
      objectReference: {fileID: 0}
    - target: {fileID: 8532666294862096187, guid: ffaa3d2f442d5d54baac049f181baf36,
        type: 3}
      propertyPath: m_LocalScale.y
      value: 1
      objectReference: {fileID: 0}
    - target: {fileID: 8532666294862096187, guid: ffaa3d2f442d5d54baac049f181baf36,
        type: 3}
      propertyPath: m_LocalScale.z
      value: 1
      objectReference: {fileID: 0}
    - target: {fileID: 8532666294862096181, guid: ffaa3d2f442d5d54baac049f181baf36,
        type: 3}
      propertyPath: m_Size.x
      value: 0.04
      objectReference: {fileID: 0}
    - target: {fileID: 8532666294862096181, guid: ffaa3d2f442d5d54baac049f181baf36,
        type: 3}
      propertyPath: m_Size.y
      value: 0.04
      objectReference: {fileID: 0}
    - target: {fileID: 8532666294862096181, guid: ffaa3d2f442d5d54baac049f181baf36,
        type: 3}
      propertyPath: m_Size.z
      value: 0.04
      objectReference: {fileID: 0}
    - target: {fileID: 8532666294862096181, guid: ffaa3d2f442d5d54baac049f181baf36,
        type: 3}
      propertyPath: m_Center.x
      value: -0.005
      objectReference: {fileID: 0}
    m_RemovedComponents: []
  m_SourcePrefab: {fileID: 100100000, guid: ffaa3d2f442d5d54baac049f181baf36, type: 3}
--- !u!4 &5656462544861583670 stripped
Transform:
  m_CorrespondingSourceObject: {fileID: 8532666294862096187, guid: ffaa3d2f442d5d54baac049f181baf36,
    type: 3}
  m_PrefabInstance: {fileID: 4041369880882249229}
  m_PrefabAsset: {fileID: 0}
--- !u!1001 &4041369882074636531
PrefabInstance:
  m_ObjectHideFlags: 0
  serializedVersion: 2
  m_Modification:
    m_TransformParent: {fileID: 4041369880994131916}
    m_Modifications:
    - target: {fileID: 8532666294862096177, guid: ffaa3d2f442d5d54baac049f181baf36,
        type: 3}
      propertyPath: m_Name
      value: SnapZone (12)
      objectReference: {fileID: 0}
    - target: {fileID: 8532666294862096187, guid: ffaa3d2f442d5d54baac049f181baf36,
        type: 3}
      propertyPath: m_LocalPosition.x
      value: 0.0038
      objectReference: {fileID: 0}
    - target: {fileID: 8532666294862096187, guid: ffaa3d2f442d5d54baac049f181baf36,
        type: 3}
      propertyPath: m_LocalPosition.y
      value: -0.107
      objectReference: {fileID: 0}
    - target: {fileID: 8532666294862096187, guid: ffaa3d2f442d5d54baac049f181baf36,
        type: 3}
      propertyPath: m_LocalPosition.z
      value: 0
      objectReference: {fileID: 0}
    - target: {fileID: 8532666294862096187, guid: ffaa3d2f442d5d54baac049f181baf36,
        type: 3}
      propertyPath: m_LocalRotation.x
      value: -0
      objectReference: {fileID: 0}
    - target: {fileID: 8532666294862096187, guid: ffaa3d2f442d5d54baac049f181baf36,
        type: 3}
      propertyPath: m_LocalRotation.y
      value: -0
      objectReference: {fileID: 0}
    - target: {fileID: 8532666294862096187, guid: ffaa3d2f442d5d54baac049f181baf36,
        type: 3}
      propertyPath: m_LocalRotation.z
      value: -0
      objectReference: {fileID: 0}
    - target: {fileID: 8532666294862096187, guid: ffaa3d2f442d5d54baac049f181baf36,
        type: 3}
      propertyPath: m_LocalRotation.w
      value: 1
      objectReference: {fileID: 0}
    - target: {fileID: 8532666294862096187, guid: ffaa3d2f442d5d54baac049f181baf36,
        type: 3}
      propertyPath: m_RootOrder
      value: 2
      objectReference: {fileID: 0}
    - target: {fileID: 8532666294862096187, guid: ffaa3d2f442d5d54baac049f181baf36,
        type: 3}
      propertyPath: m_LocalEulerAnglesHint.x
      value: 0
      objectReference: {fileID: 0}
    - target: {fileID: 8532666294862096187, guid: ffaa3d2f442d5d54baac049f181baf36,
        type: 3}
      propertyPath: m_LocalEulerAnglesHint.y
      value: 0
      objectReference: {fileID: 0}
    - target: {fileID: 8532666294862096187, guid: ffaa3d2f442d5d54baac049f181baf36,
        type: 3}
      propertyPath: m_LocalEulerAnglesHint.z
      value: 0
      objectReference: {fileID: 0}
    - target: {fileID: 8532666294862096187, guid: ffaa3d2f442d5d54baac049f181baf36,
        type: 3}
      propertyPath: m_LocalScale.x
      value: 1
      objectReference: {fileID: 0}
    - target: {fileID: 8532666294862096187, guid: ffaa3d2f442d5d54baac049f181baf36,
        type: 3}
      propertyPath: m_LocalScale.y
      value: 1
      objectReference: {fileID: 0}
    - target: {fileID: 8532666294862096187, guid: ffaa3d2f442d5d54baac049f181baf36,
        type: 3}
      propertyPath: m_LocalScale.z
      value: 1
      objectReference: {fileID: 0}
    - target: {fileID: 8532666294862096181, guid: ffaa3d2f442d5d54baac049f181baf36,
        type: 3}
      propertyPath: m_Size.x
      value: 0.04
      objectReference: {fileID: 0}
    - target: {fileID: 8532666294862096181, guid: ffaa3d2f442d5d54baac049f181baf36,
        type: 3}
      propertyPath: m_Size.y
      value: 0.04
      objectReference: {fileID: 0}
    - target: {fileID: 8532666294862096181, guid: ffaa3d2f442d5d54baac049f181baf36,
        type: 3}
      propertyPath: m_Size.z
      value: 0.04
      objectReference: {fileID: 0}
    - target: {fileID: 8532666294862096181, guid: ffaa3d2f442d5d54baac049f181baf36,
        type: 3}
      propertyPath: m_Center.x
      value: -0.005
      objectReference: {fileID: 0}
    m_RemovedComponents: []
  m_SourcePrefab: {fileID: 100100000, guid: ffaa3d2f442d5d54baac049f181baf36, type: 3}
--- !u!4 &5656462546059741128 stripped
Transform:
  m_CorrespondingSourceObject: {fileID: 8532666294862096187, guid: ffaa3d2f442d5d54baac049f181baf36,
    type: 3}
  m_PrefabInstance: {fileID: 4041369882074636531}
  m_PrefabAsset: {fileID: 0}
