%YAML 1.1
%TAG !u! tag:unity3d.com,2011:
--- !u!1 &2838484151566052113
GameObject:
  m_ObjectHideFlags: 0
  m_CorrespondingSourceObject: {fileID: 0}
  m_PrefabInstance: {fileID: 0}
  m_PrefabAsset: {fileID: 0}
  serializedVersion: 6
  m_Component:
  - component: {fileID: 2838484151566052115}
  - component: {fileID: 2838484151566052114}
  m_Layer: 0
  m_Name: 4x50
  m_TagString: Untagged
  m_Icon: {fileID: 0}
  m_NavMeshLayer: 0
  m_StaticEditorFlags: 0
  m_IsActive: 1
--- !u!4 &2838484151566052115
Transform:
  m_ObjectHideFlags: 0
  m_CorrespondingSourceObject: {fileID: 0}
  m_PrefabInstance: {fileID: 0}
  m_PrefabAsset: {fileID: 0}
  m_GameObject: {fileID: 2838484151566052113}
  m_LocalRotation: {x: 0, y: 0, z: 0, w: 1}
  m_LocalPosition: {x: 0.016418457, y: -0.007385254, z: 0.105854034}
  m_LocalScale: {x: 1, y: 1, z: 1}
  m_Children:
  - {fileID: 7070341913901293635}
  - {fileID: 5840689904563560722}
  - {fileID: 5840689903182892029}
  m_Father: {fileID: 0}
  m_RootOrder: 0
  m_LocalEulerAnglesHint: {x: 0, y: 0, z: 0}
--- !u!65 &2838484151566052114
BoxCollider:
  m_ObjectHideFlags: 0
  m_CorrespondingSourceObject: {fileID: 0}
  m_PrefabInstance: {fileID: 0}
  m_PrefabAsset: {fileID: 0}
  m_GameObject: {fileID: 2838484151566052113}
  m_Material: {fileID: 0}
  m_IsTrigger: 0
  m_Enabled: 1
  serializedVersion: 2
  m_Size: {x: 0.02952756, y: 0.3936696, z: 0.0295276}
  m_Center: {x: 0, y: 0, z: 0}
--- !u!1001 &2838484151761988806
PrefabInstance:
  m_ObjectHideFlags: 0
  serializedVersion: 2
  m_Modification:
    m_TransformParent: {fileID: 2838484151566052115}
    m_Modifications:
    - target: {fileID: 8532666294862096177, guid: ffaa3d2f442d5d54baac049f181baf36,
        type: 3}
      propertyPath: m_Name
      value: SnapZone (12)
      objectReference: {fileID: 0}
    - target: {fileID: 8532666294862096187, guid: ffaa3d2f442d5d54baac049f181baf36,
        type: 3}
      propertyPath: m_LocalPosition.x
      value: 0.004
      objectReference: {fileID: 0}
    - target: {fileID: 8532666294862096187, guid: ffaa3d2f442d5d54baac049f181baf36,
        type: 3}
      propertyPath: m_LocalPosition.y
      value: -0.217
      objectReference: {fileID: 0}
    - target: {fileID: 8532666294862096187, guid: ffaa3d2f442d5d54baac049f181baf36,
        type: 3}
      propertyPath: m_LocalPosition.z
      value: -0
      objectReference: {fileID: 0}
    - target: {fileID: 8532666294862096187, guid: ffaa3d2f442d5d54baac049f181baf36,
        type: 3}
      propertyPath: m_LocalRotation.x
      value: -0
      objectReference: {fileID: 0}
    - target: {fileID: 8532666294862096187, guid: ffaa3d2f442d5d54baac049f181baf36,
        type: 3}
      propertyPath: m_LocalRotation.y
      value: -0
      objectReference: {fileID: 0}
    - target: {fileID: 8532666294862096187, guid: ffaa3d2f442d5d54baac049f181baf36,
        type: 3}
      propertyPath: m_LocalRotation.z
      value: -0
      objectReference: {fileID: 0}
    - target: {fileID: 8532666294862096187, guid: ffaa3d2f442d5d54baac049f181baf36,
        type: 3}
      propertyPath: m_LocalRotation.w
      value: 1
      objectReference: {fileID: 0}
    - target: {fileID: 8532666294862096187, guid: ffaa3d2f442d5d54baac049f181baf36,
        type: 3}
      propertyPath: m_RootOrder
      value: 2
      objectReference: {fileID: 0}
    - target: {fileID: 8532666294862096187, guid: ffaa3d2f442d5d54baac049f181baf36,
        type: 3}
      propertyPath: m_LocalEulerAnglesHint.x
      value: 0
      objectReference: {fileID: 0}
    - target: {fileID: 8532666294862096187, guid: ffaa3d2f442d5d54baac049f181baf36,
        type: 3}
      propertyPath: m_LocalEulerAnglesHint.y
      value: 0
      objectReference: {fileID: 0}
    - target: {fileID: 8532666294862096187, guid: ffaa3d2f442d5d54baac049f181baf36,
        type: 3}
      propertyPath: m_LocalEulerAnglesHint.z
      value: 0
      objectReference: {fileID: 0}
    - target: {fileID: 8532666294862096187, guid: ffaa3d2f442d5d54baac049f181baf36,
        type: 3}
      propertyPath: m_LocalScale.x
      value: 1
      objectReference: {fileID: 0}
    - target: {fileID: 8532666294862096187, guid: ffaa3d2f442d5d54baac049f181baf36,
        type: 3}
      propertyPath: m_LocalScale.y
      value: 1
      objectReference: {fileID: 0}
    - target: {fileID: 8532666294862096187, guid: ffaa3d2f442d5d54baac049f181baf36,
        type: 3}
      propertyPath: m_LocalScale.z
      value: 1
      objectReference: {fileID: 0}
    - target: {fileID: 8532666294862096181, guid: ffaa3d2f442d5d54baac049f181baf36,
        type: 3}
      propertyPath: m_Size.x
      value: 0.04
      objectReference: {fileID: 0}
    - target: {fileID: 8532666294862096181, guid: ffaa3d2f442d5d54baac049f181baf36,
        type: 3}
      propertyPath: m_Size.y
      value: 0.04
      objectReference: {fileID: 0}
    - target: {fileID: 8532666294862096181, guid: ffaa3d2f442d5d54baac049f181baf36,
        type: 3}
      propertyPath: m_Size.z
      value: 0.04
      objectReference: {fileID: 0}
    - target: {fileID: 8532666294862096181, guid: ffaa3d2f442d5d54baac049f181baf36,
        type: 3}
      propertyPath: m_Center.x
      value: -0.005
      objectReference: {fileID: 0}
    m_RemovedComponents: []
  m_SourcePrefab: {fileID: 100100000, guid: ffaa3d2f442d5d54baac049f181baf36, type: 3}
--- !u!4 &5840689903182892029 stripped
Transform:
  m_CorrespondingSourceObject: {fileID: 8532666294862096187, guid: ffaa3d2f442d5d54baac049f181baf36,
    type: 3}
  m_PrefabInstance: {fileID: 2838484151761988806}
  m_PrefabAsset: {fileID: 0}
--- !u!1001 &2838484152246717273
PrefabInstance:
  m_ObjectHideFlags: 0
  serializedVersion: 2
  m_Modification:
    m_TransformParent: {fileID: 2838484151566052115}
    m_Modifications:
    - target: {fileID: -927199367670048503, guid: 40d43d5346649dc49998ab5b10c8d2b9,
        type: 3}
      propertyPath: m_Name
      value: 4x50 (1)
      objectReference: {fileID: 0}
    - target: {fileID: -4216859302048453862, guid: 40d43d5346649dc49998ab5b10c8d2b9,
        type: 3}
      propertyPath: m_LocalPosition.x
      value: 0
      objectReference: {fileID: 0}
    - target: {fileID: -4216859302048453862, guid: 40d43d5346649dc49998ab5b10c8d2b9,
        type: 3}
      propertyPath: m_LocalPosition.y
      value: 0
      objectReference: {fileID: 0}
    - target: {fileID: -4216859302048453862, guid: 40d43d5346649dc49998ab5b10c8d2b9,
        type: 3}
      propertyPath: m_LocalPosition.z
      value: 0
      objectReference: {fileID: 0}
    - target: {fileID: -4216859302048453862, guid: 40d43d5346649dc49998ab5b10c8d2b9,
        type: 3}
      propertyPath: m_LocalRotation.x
      value: -0
      objectReference: {fileID: 0}
    - target: {fileID: -4216859302048453862, guid: 40d43d5346649dc49998ab5b10c8d2b9,
        type: 3}
      propertyPath: m_LocalRotation.y
      value: -0
      objectReference: {fileID: 0}
    - target: {fileID: -4216859302048453862, guid: 40d43d5346649dc49998ab5b10c8d2b9,
        type: 3}
      propertyPath: m_LocalRotation.z
      value: -0
      objectReference: {fileID: 0}
    - target: {fileID: -4216859302048453862, guid: 40d43d5346649dc49998ab5b10c8d2b9,
        type: 3}
      propertyPath: m_LocalRotation.w
      value: 1
      objectReference: {fileID: 0}
    - target: {fileID: -4216859302048453862, guid: 40d43d5346649dc49998ab5b10c8d2b9,
        type: 3}
      propertyPath: m_RootOrder
      value: 0
      objectReference: {fileID: 0}
    - target: {fileID: -4216859302048453862, guid: 40d43d5346649dc49998ab5b10c8d2b9,
        type: 3}
      propertyPath: m_LocalEulerAnglesHint.x
      value: 0
      objectReference: {fileID: 0}
    - target: {fileID: -4216859302048453862, guid: 40d43d5346649dc49998ab5b10c8d2b9,
        type: 3}
      propertyPath: m_LocalEulerAnglesHint.y
      value: 0
      objectReference: {fileID: 0}
    - target: {fileID: -4216859302048453862, guid: 40d43d5346649dc49998ab5b10c8d2b9,
        type: 3}
      propertyPath: m_LocalEulerAnglesHint.z
      value: 0
      objectReference: {fileID: 0}
    - target: {fileID: -4216859302048453862, guid: 40d43d5346649dc49998ab5b10c8d2b9,
        type: 3}
      propertyPath: m_LocalScale.x
      value: 20
      objectReference: {fileID: 0}
    - target: {fileID: -4216859302048453862, guid: 40d43d5346649dc49998ab5b10c8d2b9,
        type: 3}
      propertyPath: m_LocalScale.y
      value: 20
      objectReference: {fileID: 0}
    - target: {fileID: -4216859302048453862, guid: 40d43d5346649dc49998ab5b10c8d2b9,
        type: 3}
      propertyPath: m_LocalScale.z
      value: 20
      objectReference: {fileID: 0}
    m_RemovedComponents: []
  m_SourcePrefab: {fileID: 100100000, guid: 40d43d5346649dc49998ab5b10c8d2b9, type: 3}
--- !u!4 &7070341913901293635 stripped
Transform:
  m_CorrespondingSourceObject: {fileID: -4216859302048453862, guid: 40d43d5346649dc49998ab5b10c8d2b9,
    type: 3}
  m_PrefabInstance: {fileID: 2838484152246717273}
  m_PrefabAsset: {fileID: 0}
--- !u!1001 &2838484153006851625
PrefabInstance:
  m_ObjectHideFlags: 0
  serializedVersion: 2
  m_Modification:
    m_TransformParent: {fileID: 2838484151566052115}
    m_Modifications:
    - target: {fileID: 8532666294862096177, guid: ffaa3d2f442d5d54baac049f181baf36,
        type: 3}
      propertyPath: m_Name
      value: SnapZone (10)
      objectReference: {fileID: 0}
    - target: {fileID: 8532666294862096187, guid: ffaa3d2f442d5d54baac049f181baf36,
        type: 3}
      propertyPath: m_LocalPosition.x
      value: 0.004
      objectReference: {fileID: 0}
    - target: {fileID: 8532666294862096187, guid: ffaa3d2f442d5d54baac049f181baf36,
        type: 3}
      propertyPath: m_LocalPosition.y
      value: 0.217
      objectReference: {fileID: 0}
    - target: {fileID: 8532666294862096187, guid: ffaa3d2f442d5d54baac049f181baf36,
        type: 3}
      propertyPath: m_LocalPosition.z
      value: -0
      objectReference: {fileID: 0}
    - target: {fileID: 8532666294862096187, guid: ffaa3d2f442d5d54baac049f181baf36,
        type: 3}
      propertyPath: m_LocalRotation.x
      value: -0
      objectReference: {fileID: 0}
    - target: {fileID: 8532666294862096187, guid: ffaa3d2f442d5d54baac049f181baf36,
        type: 3}
      propertyPath: m_LocalRotation.y
      value: -0
      objectReference: {fileID: 0}
    - target: {fileID: 8532666294862096187, guid: ffaa3d2f442d5d54baac049f181baf36,
        type: 3}
      propertyPath: m_LocalRotation.z
      value: -0
      objectReference: {fileID: 0}
    - target: {fileID: 8532666294862096187, guid: ffaa3d2f442d5d54baac049f181baf36,
        type: 3}
      propertyPath: m_LocalRotation.w
      value: 1
      objectReference: {fileID: 0}
    - target: {fileID: 8532666294862096187, guid: ffaa3d2f442d5d54baac049f181baf36,
        type: 3}
      propertyPath: m_RootOrder
      value: 1
      objectReference: {fileID: 0}
    - target: {fileID: 8532666294862096187, guid: ffaa3d2f442d5d54baac049f181baf36,
        type: 3}
      propertyPath: m_LocalEulerAnglesHint.x
      value: 0
      objectReference: {fileID: 0}
    - target: {fileID: 8532666294862096187, guid: ffaa3d2f442d5d54baac049f181baf36,
        type: 3}
      propertyPath: m_LocalEulerAnglesHint.y
      value: 0
      objectReference: {fileID: 0}
    - target: {fileID: 8532666294862096187, guid: ffaa3d2f442d5d54baac049f181baf36,
        type: 3}
      propertyPath: m_LocalEulerAnglesHint.z
      value: 0
      objectReference: {fileID: 0}
    - target: {fileID: 8532666294862096187, guid: ffaa3d2f442d5d54baac049f181baf36,
        type: 3}
      propertyPath: m_LocalScale.x
      value: 1
      objectReference: {fileID: 0}
    - target: {fileID: 8532666294862096187, guid: ffaa3d2f442d5d54baac049f181baf36,
        type: 3}
      propertyPath: m_LocalScale.y
      value: 1
      objectReference: {fileID: 0}
    - target: {fileID: 8532666294862096187, guid: ffaa3d2f442d5d54baac049f181baf36,
        type: 3}
      propertyPath: m_LocalScale.z
      value: 1
      objectReference: {fileID: 0}
    - target: {fileID: 8532666294862096181, guid: ffaa3d2f442d5d54baac049f181baf36,
        type: 3}
      propertyPath: m_Size.x
      value: 0.04
      objectReference: {fileID: 0}
    - target: {fileID: 8532666294862096181, guid: ffaa3d2f442d5d54baac049f181baf36,
        type: 3}
      propertyPath: m_Size.y
      value: 0.04
      objectReference: {fileID: 0}
    - target: {fileID: 8532666294862096181, guid: ffaa3d2f442d5d54baac049f181baf36,
        type: 3}
      propertyPath: m_Size.z
      value: 0.04
      objectReference: {fileID: 0}
    - target: {fileID: 8532666294862096181, guid: ffaa3d2f442d5d54baac049f181baf36,
        type: 3}
      propertyPath: m_Center.x
      value: -0.005
      objectReference: {fileID: 0}
    m_RemovedComponents: []
  m_SourcePrefab: {fileID: 100100000, guid: ffaa3d2f442d5d54baac049f181baf36, type: 3}
--- !u!4 &5840689904563560722 stripped
Transform:
  m_CorrespondingSourceObject: {fileID: 8532666294862096187, guid: ffaa3d2f442d5d54baac049f181baf36,
    type: 3}
  m_PrefabInstance: {fileID: 2838484153006851625}
  m_PrefabAsset: {fileID: 0}
